<record xmlns="http://www.loc.gov/MARC21/slim" xmlns:xsi="http://www.w3.org/2001/XMLSchema-instance" xsi:schemaLocation="http://www.loc.gov/MARC21/slim http://www.loc.gov/standards/marcxml/schema/MARC21slim.xsd"><leader>01927nam a2200409   4500</leader><controlfield tag="001">001937035</controlfield><controlfield tag="003">NNU</controlfield><controlfield tag="006">m        d        </controlfield><controlfield tag="007">cr cn |||m|||a</controlfield><controlfield tag="008">150223s1984    ir      ob    000 0 ara d</controlfield><datafield ind1=" " ind2=" " tag="040"><subfield code="a">NNU</subfield><subfield code="b">eng</subfield><subfield code="e">rda</subfield><subfield code="c">NNU</subfield></datafield><datafield ind1=" " ind2="4" tag="050"><subfield code="a">B741</subfield><subfield code="b">.T333 1984</subfield></datafield><datafield ind1=" " ind2="4" tag="050"><subfield code="a">B741</subfield><subfield code="b">M573 1984</subfield></datafield><datafield ind1="1" ind2=" " tag="100"><subfield code="6">880-01</subfield><subfield code="a">Mis&#803;ba&#772;h&#803; Yazdi&#772;, Muh&#803;ammad Taqi&#772;.</subfield></datafield><datafield ind1="1" ind2="0" tag="245"><subfield code="6">880-02</subfield><subfield code="a">Ta&#699;li&#772;qah &#699;ala&#769; Niha&#772;yat al-h&#803;ikmah /</subfield><subfield code="c">Muh&#803;ammad Taqi&#772; Mis&#803;ba&#772;h&#803; al-Yazdi&#772;.</subfield></datafield><datafield ind1=" " ind2=" " tag="250"><subfield code="6">880-03</subfield><subfield code="a">al-T&#803;ab&#699;ah 1.</subfield></datafield><datafield ind1=" " ind2=" " tag="260"><subfield code="6">880-04</subfield><subfield code="a">Qum, I&#772;ra&#772;n :</subfield><subfield code="b">Mu&#700;assasah fi&#772; T&#803;ari&#772;q al-H&#803;aqq (Dar Ra&#772;h-i H&#803;aqq),</subfield><subfield code="c">1405 [1984 or 1985]</subfield></datafield><datafield ind1=" " ind2=" " tag="300"><subfield code="a">online resource (496 pages)</subfield></datafield><datafield ind1=" " ind2=" " tag="336"><subfield code="a">text</subfield><subfield code="2">rdacontent</subfield></datafield><datafield ind1=" " ind2=" " tag="337"><subfield code="a">computer</subfield><subfield code="2">rdamedia</subfield></datafield><datafield ind1=" " ind2=" " tag="338"><subfield code="a">online resource</subfield><subfield code="2">rdacarrier</subfield></datafield><datafield ind1=" " ind2=" " tag="500"><subfield code="a">"Raqm al-tasalsul 23"--Title page verso.</subfield></datafield><datafield ind1=" " ind2=" " tag="500"><subfield code="a">Part of the Arabic Collections Online (ACO) project, contributed by New York Univeristy Libraries.</subfield></datafield><datafield ind1=" " ind2=" " tag="504"><subfield code="a">Includes bibliographical references.</subfield></datafield><datafield ind1=" " ind2=" " tag="533"><subfield code="a">Electronic reproduction.</subfield><subfield code="b">New York, N.Y. :</subfield><subfield code="c">New York University,</subfield><subfield code="d">2015.</subfield><subfield code="5">NNU</subfield></datafield><datafield ind1="1" ind2="0" tag="600"><subfield code="a">T&#803;aba&#772;t&#803;aba&#772;&#700;i&#772;, Muh&#803;ammad H&#803;usayn.</subfield><subfield code="t">Niha&#772;yat al-h&#803;ikmah.</subfield></datafield><datafield ind1=" " ind2="0" tag="650"><subfield code="a">Islamic philosophy.</subfield></datafield><datafield ind1="2" ind2=" " tag="710"><subfield code="a">New York University.</subfield><subfield code="b">Libraries.</subfield></datafield><datafield ind1="0" ind2=" " tag="730"><subfield code="a">Arabic Collections Online.</subfield></datafield><datafield ind1="0" ind2="8" tag="776"><subfield code="i">Print version:</subfield><subfield code="a">Mis&#803;ba&#772;h&#803; Yazdi&#772;, Muh&#803;ammad Taqi&#772;.</subfield><subfield code="t">Ta&#699;li&#772;qah &#699;ala&#769; Niha&#772;yat al-h&#803;ikmah</subfield><subfield code="w">(NNU)001937035</subfield></datafield><datafield ind1="4" ind2="0" tag="856"><subfield code="u">http://hdl.handle.net/2333.1/n02v6zq6</subfield></datafield><datafield ind1="1" ind2=" " tag="880"><subfield code="6">100-01/</subfield><subfield code="a">&#1605;&#1589;&#1576;&#1575;&#1581; &#1610;&#1586;&#1583;&#1610;&#1548; &#1605;&#1581;&#1605;&#1583; &#1578;&#1602;&#1610;.</subfield></datafield><datafield ind1="1" ind2="0" tag="880"><subfield code="6">245-02/</subfield><subfield code="a">&#1578;&#1593;&#1604;&#1610;&#1602;&#1577; &#1593;&#1604;&#1609; &#1606;&#1607;&#1575;&#1610;&#1577; &#1575;&#1604;&#1581;&#1603;&#1605;&#1577; /</subfield><subfield code="c">&#1605;&#1581;&#1605;&#1583; &#1578;&#1602;&#1610; &#1605;&#1589;&#1576;&#1575;&#1581; &#1575;&#1604;&#1610;&#1586;&#1583;&#1610;.</subfield></datafield><datafield ind1=" " ind2=" " tag="880"><subfield code="6">250-03/</subfield><subfield code="a">&#1575;&#1604;&#1591;&#1576;&#1593;&#1577; 1.</subfield></datafield><datafield ind1=" " ind2=" " tag="880"><subfield code="6">260-04/</subfield><subfield code="a">&#1602;&#1605;&#1548; &#1575;&#1610;&#1585;&#1575;&#1606; :</subfield><subfield code="b">&#1605;&#1572;&#1587;&#1587;&#1577; &#1601;&#1610; &#1591;&#1585;&#1610;&#1602; &#1575;&#1604;&#1581;&#1602;(&#1583;&#1585; &#1585;&#1575;&#1607; &#1581;&#1602;)&#1548;</subfield><subfield code="c">1405 [1984 or 1985]</subfield></datafield><datafield ind1=" " ind2=" " tag="959"><subfield code="a">NNU</subfield><subfield code="b">WEB</subfield><subfield code="c">GENI</subfield><subfield code="t">0</subfield><subfield code="m">Electronic access</subfield><subfield code="s">01</subfield></datafield><datafield ind1=" " ind2=" " tag="999"><subfield code="i">NNU_001937035</subfield><subfield code="s">nyu_aco000408</subfield></datafield></record>